<?xml version="1.0" encoding="UTF-8"?><record xmlns="http://www.loc.gov/MARC21/slim" xmlns:cinclude="http://apache.org/cocoon/include/1.0" xmlns:zs="http://www.loc.gov/zing/srw/">
  <leader>00458cz  a2200133n  4500</leader>
  <controlfield tag="001">n  85123688 </controlfield>
  <controlfield tag="003">DLC</controlfield>
  <controlfield tag="005">20090807074929.0</controlfield>
  <controlfield tag="008">860107n| acannaabn          |a aaa      </controlfield>
  <datafield tag="010" ind1=" " ind2=" ">
    <subfield code="a">n  85123688 </subfield>
  </datafield>
  <datafield tag="040" ind1=" " ind2=" ">
    <subfield code="a">DLC</subfield>
    <subfield code="b">eng</subfield>
    <subfield code="c">DLC</subfield>
    <subfield code="d">DLC</subfield>
    <subfield code="d">DLC</subfield>
  </datafield>
  <datafield tag="100" ind1="1" ind2=" ">
    <subfield code="a">Bauer, P.</subfield>
    <subfield code="q">(Peter)</subfield>
  </datafield>
  <datafield tag="400" ind1="1" ind2=" ">
    <subfield code="a">Bauer, Peter,</subfield>
    <subfield code="c">Dipl.-Ing.</subfield>
  </datafield>
  <datafield tag="670" ind1=" " ind2=" ">
    <subfield code="a">His Planung und Auslegung von Palettenlagern, 1985:</subfield>
    <subfield code="b">t.p. (P. Bauer) verso t.p. (Dipl.-Ing. Peter Bauer; Rhein.-WestfaĚl. Techn. Hochsch. Aachen)</subfield>
  </datafield>
</record>